@misc{plasmapy_community_2018_1238132,
  author       = {PlasmaPy{\,}Community and
                  Murphy, Nicholas A. and
                  Leonard, Andrew J. and
                  Stańczak, Dominik and
                  Kozlowski, Pawel M. and
                  Langendorf, Samuel J. and
                  Haggerty, Colby C. and
                  Beckers, Jasper P. and
                  Mumford, Stuart J. and
                  Parashar, Tulasi N. and
                  Huang, Yi-Min},
  title        = {{PlasmaPy: an open source community-developed 
                   Python package for plasma physics}},
  month        = apr,
  year         = 2018,
  note         = {{This work was partially supported by the U.S. 
                   Department of Energy.}},
  doi          = {10.5281/zenodo.1238132},
  url          = {https://doi.org/10.5281/zenodo.1238132}
}

@misc{michael_waskom_2018_1313201,
  author       = {Michael Waskom and
                  Olga Botvinnik and
                  Drew O'Kane and
                  Paul Hobson and
                  Joel Ostblom and
                  Saulius Lukauskas and
                  David C Gemperline and
                  Tom Augspurger and
                  Yaroslav Halchenko and
                  John B. Cole and
                  Jordi Warmenhoven and
                  Julian de Ruiter and
                  Cameron Pye and
                  Stephan Hoyer and
                  Jake Vanderplas and
                  Santi Villalba and
                  Gero Kunter and
                  Eric Quintero and
                  Pete Bachant and
                  Marcel Martin and
                  Kyle Meyer and
                  Alistair Miles and
                  Yoav Ram and
                  Thomas Brunner and
                  Tal Yarkoni and
                  Mike Lee Williams and
                  Constantine Evans and
                  Clark Fitzgerald and
                  Brian and
                  Adel Qalieh},
  title        = {mwaskom/seaborn: v0.9.0 (July 2018)},
  month        = jul,
  year         = 2018,
  doi          = {10.5281/zenodo.1313201},
  url          = {https://doi.org/10.5281/zenodo.1313201}
}

@misc{stuart_mumford_2018_2155946,
  author       = {Stuart Mumford and
                  Steven Christe and
                  Florian Mayer and
                  Nabil Freij and
                  Keith Hughitt and
                  DanRyanIrish and
                  Simon Liedtke and
                  Albert Y. Shih and
                  David Pérez-Suárez and
                  Pritish Chakraborty and
                  aringlis and
                  Punyaslok Pattnaik and
                  Brigitta Sipocz and
                  Rishabh Sharma and
                  Drew Leonard and
                  rhewett and
                  Alex-Ian-Hamilton and
                  Asish Panda and
                  Matt Earnshaw and
                  Nitin Choudhary and
                  Ankit Kumar and
                  David Stansby and
                  Prateek Chanda and
                  Sudarshan Konge and
                  mdmueller and
                  haathi and
                  Michael Kirk and
                  Yash Jain},
  title        = {sunpy/sunpy v0.9.5},
  month        = dec,
  year         = 2018,
  doi          = {10.5281/zenodo.2155946},
  url          = {https://doi.org/10.5281/zenodo.2155946}
}